@online{SimPEGEM,
  author={Kang, S. and Cockett, R. and Heagy, L. J.},
  title = {{simpegEM} Online documentation available at http://simpegem.rtfd.org},
  year = {2015},
}

@article{SimPEG,
author = {Cockett, R. and Kang, S. and Heagy L., Pidlisecky, A. and Oldenburg, D.},
journal = {Computers and Geoscience},
title = {{SimPEG: An open-source framework for simulation and parameter estimation in geophysical applications (submitted)}},
year = {2015}
}